<record><leader>00000cas a22000007a 4500</leader><controlfield tag="001">1532952</controlfield><controlfield tag="008">750810c19199999nduwr ne      0    0eng d</controlfield><datafield ind1=" " ind2=" " tag="010"><subfield code="a">sn 88076059 </subfield></datafield><datafield ind1=" " ind2=" " tag="040"><subfield code="a">MUL</subfield><subfield code="b">eng</subfield><subfield code="c">MUL</subfield><subfield code="d">OCL</subfield><subfield code="d">NOP</subfield><subfield code="d">OCLCF</subfield><subfield code="d">OCLCO</subfield></datafield><datafield ind1="1" ind2=" " tag="029"><subfield code="a">AU@</subfield><subfield code="b">000025835227</subfield></datafield><datafield ind1=" " ind2=" " tag="042"><subfield code="a">msc</subfield></datafield><datafield ind1="0" ind2="4" tag="245"><subfield code="a">The Billings County pioneer.</subfield></datafield><datafield ind1=" " ind2=" " tag="260"><subfield code="a">Fryburg, Billings County, N.D. :</subfield><subfield code="b">Gerald P. Nye,</subfield></datafield><datafield ind1=" " ind2=" " tag="300"><subfield code="a">v. :</subfield><subfield code="b">ill.</subfield></datafield><datafield ind1=" " ind2=" " tag="310"><subfield code="a">Weekly</subfield></datafield><datafield ind1="0" ind2=" " tag="362"><subfield code="a">Vol. 1, No. 1 (Aug. 15, 1919)-</subfield></datafield><datafield ind1=" " ind2=" " tag="500"><subfield code="a">"The official paper of Billings County."</subfield></datafield><datafield ind1=" " ind2=" " tag="500"><subfield code="a">Place of publication varies: Fryburg, N.D., Aug. 15, 1919-Jan. 11, 1934; Medora, N.D., Jan. 18, 1934-    .</subfield></datafield><datafield ind1=" " ind2=" " tag="515"><subfield code="a">Also bears numbering of the Pioneer, vol.6, no. 45-   , and the Herald, vol.14, no. 26-   , later dropped.</subfield></datafield><datafield ind1=" " ind2=" " tag="530"><subfield code="a">Available on microfilm from the State Historical Society of North Dakota.</subfield></datafield><datafield ind1="2" ind2="0" tag="610"><subfield code="a">National Nonpartisan League</subfield><subfield code="z">North Dakota</subfield><subfield code="v">Newspapers.</subfield></datafield><datafield ind1=" " ind2="7" tag="655"><subfield code="a">Newspapers.</subfield><subfield code="2">fast</subfield><subfield code="0">(OCoLC)fst01423814</subfield></datafield><datafield ind1="2" ind2="7" tag="610"><subfield code="a">National Nonpartisan League.</subfield><subfield code="2">fast</subfield><subfield code="0">(OCoLC)fst00516027</subfield></datafield><datafield ind1=" " ind2="7" tag="651"><subfield code="a">North Dakota.</subfield><subfield code="2">fast</subfield><subfield code="0">(OCoLC)fst01205582</subfield></datafield><datafield ind1=" " ind2=" " tag="752"><subfield code="a">United States</subfield><subfield code="b">North Dakota</subfield><subfield code="c">Billings</subfield><subfield code="d">Medora.</subfield></datafield><datafield ind1=" " ind2=" " tag="752"><subfield code="a">United States</subfield><subfield code="b">North Dakota</subfield><subfield code="c">Billings</subfield><subfield code="d">Fryburg.</subfield></datafield><datafield ind1="0" ind2="4" tag="780"><subfield code="t">Fryburg pioneer</subfield><subfield code="w">(DLC)sn 88076136</subfield></datafield><datafield ind1="0" ind2="4" tag="780"><subfield code="t">Billings County herald</subfield><subfield code="w">(DLC)sn 88076137</subfield></datafield><datafield ind1="0" ind2="5" tag="780"><subfield code="t">Belfield herald</subfield><subfield code="w">(DLC)sn 88076058</subfield></datafield></record>